@misc{sfDeadOn,
	title = "SparkFun DeadOn RTC Breakout - DS3234",
	howpublished = "\url{https://www.sparkfun.com/products/10160}",
	author = "SparkFun"}

@misc{sfRTC,
	title = "SparkFun Real Time Clock Moduel",
	howpublished = "\url{https://www.sparkfun.com/products/12708}",
	author = "SparkFun"}

@misc{ksRTC,
	title = "KS0166 KeyeStudio DS3234 High Precision Real Time Clock Moduel",
	howpublished = "\url{http://www.keyestudio.cc/h-nd-132.html}",
	author = "KeyeStudio"}

@misc{led1,
	title = "White LED Backlight Module - Small 12mm x 40mm",
	howpublished = "\url{https://www.adafruit.com/products/1626}",
	author = "adafruit"}

@misc{led2,
	title = "RGB 7-Segment Digit - 1'' Tall Digit",
	howpublished = "\url{https://www.adafruit.com/products/1399}",
	author = "adafruit"}

@misc{led3,
	title = "NeoPixel Mini 3535 RGB LED",
	howpublished = "\url{https://www.adafruit.com/products/2686}",
	author = "Adafruit"}

@misc{power1,
	title = "BattBorg - Power your Raspberry Pi from AA batteries",
	howpublished = "\url{https://www.piborg.org/battborg}",
	author = "PiBorg"}

@misc{software1,
	title = "Sleek word clock",
	howpublished = "\url{http://www.instructables.com/id/Wordclock/}",
	author = "Scottbez1"}

@misc{software3,
	title = "Wordclock",
	howpublished = "\url{http://www.instructables.com/id/Wordclock/}",
	author = "Wouterdevinck"}

@misc{software2,
	title = "/projects/word clock",
	howpublished = "\url{http://www.elektronika.ba/841/word-clock/}",
	author = "Sajta, Jezik"}

@misc{cloudIDE,
	title = "Cloud Based IDE and examples",
	howpublished = "\url{https://www.microchip.com/mplab/mplab-xpress}",
	author = "MPLab"}

@misc{trinket,
	title = "Adafruit Trinket",
	howpublished = "\url{https://www.adafruit.com/products/1501}",
	author = "Adafruit"}

@misc{pi,
	title = "Raspberry Pi",
	howpublished = "\url{https://www.raspberrypi.org/}",
	author = "Raspberry Pi"}

@misc{QWLock,
	title = "QWLock,
	howpublished = "\url{http://qlocktwo.com/}",
	author = "Biegert & Funk"}

@misc{smallgrid,
	title = "Adafruit mini grid,
	howpublished = "\url{https://learn.adafruit.com/neomatrix-8x8-word-clock/overview}",
	author = "Adafruit"}

@misc{mikegrid,
	title = "How to do grid layout,
	howpublished = "\url{http://www.mike-gualtieri.com/posts/arduino_word_clock}",
	author = "Gualtieri, Mike"}

@misc{testing,
	title = "Testing differences,
	howpublished = "\url{http://efficientprograms.blogspot.com/2013/07/spiral-model-vs-waterfall-model-agile.html}",
	author = "Mahajan, Chinmay"}
