@misc{sfDeadOn, 
	title = "SparkFun DeadOn RTC Breakout - DS3234", 
	url = "https://www.sparkfun.com/products/10160", 
	author = "SparkFun"}

@misc{sfRTC,
	title = "SparkFun Real Time Clock Moduel",
	url = "https://www.sparkfun.com/products/12708",
	author = "SparkFun"}

@misc{ksRTC,
	title = "KS0166 KeyeStudio DS3234 High Precision Real Time Clock Moduel",
	url = "http://www.keyestudio.cc/h-nd-132.html",
	author = "KeyeStudio"}
